@article{spitale2013rna,
  title={RNA SHAPE analysis in living cells},
  author={Spitale, Robert C and Crisalli, Pete and Flynn, Ryan A and Torre, Eduardo A and Kool, Eric T and Chang, Howard Y},
  journal={Nature chemical biology},
  volume={9},
  number={1},
  pages={18--20},
  year={2013},
  publisher={Nature Publishing Group}
}

@article{hector2014snapshots,
  title={Snapshots of pre-rRNA structural flexibility reveal eukaryotic 40S assembly dynamics at nucleotide resolution},
  author={Hector, Ralph D and Burlacu, Elena and Aitken, Stuart and Le Bihan, Thierry and Tuijtel, Maarten and Zaplatina, Alina and Cook, Atlanta G and Granneman, Sander},
  journal={Nucleic acids research},
  pages={gku815},
  year={2014},
  publisher={Oxford Univ Press}
}

@article{selega2016robust,
  title={Robust statistical modeling improves sensitivity of high-throughput RNA structure probing experiments.},
  author={Selega, Alina and Sirocchi, Christel and Iosub, Ira and Granneman, Sander and Sanguinetti, Guido},
  journal={Nature Methods},
  year={2016},
  publisher={Nature Publishing Group}
}

@article{kubota2015progress,
  title={Progress and challenges for chemical probing of RNA structure inside living cells},
  author={Kubota, Miles and Tran, Catherine and Spitale, Robert C},
  journal={Nature chemical biology},
  volume={11},
  number={12},
  pages={933--941},
  year={2015},
  publisher={Nature Publishing Group}
}

@article{wu2015improved,
  title={Improved prediction of RNA secondary structure by integrating the free energy model with restraints derived from experimental probing data},
  author={Wu, Yang and Shi, Binbin and Ding, Xinqiang and Liu, Tong and Hu, Xihao and Yip, Kevin Y and Yang, Zheng Rong and Mathews, David H and Lu, Zhi John},
  journal={Nucleic acids research},
  pages={gkv706},
  year={2015},
  publisher={Oxford Univ Press}
}

@article{wells200032,
  title={Use of dimethyl sulfate to probe RNA structure in vivo},
  author={Wells, Sandra E and Hughes, John MX and Igel, A Haller and Ares, Manuel},
  journal={Methods in enzymology},
  volume={318},
  pages={479--493},
  year={2000},
  publisher={Elsevier}
}
